@book{latex,
  author    = {Leslie Lamport},
  title     = {LaTeX: A Document Preparation System},
  year      = {1994},
  publisher = {Addison-Wesley},
  address   = {Reading, Massachusetts}
}

@article{example_article,
  author  = {John Doe and Jane Smith},
  title   = {An Example Article},
  journal = {Journal of Examples},
  year    = {2023},
  volume  = {42},
  number  = {1},
  pages   = {1-10}
}

@inproceedings{example_conference,
  author    = {Alice Johnson and Bob Brown},
  title     = {Proceedings of the Example Conference},
  booktitle = {Example Conference 2023},
  year      = {2023},
  pages     = {100-110}
}
